@ARTICLE{Mouse_Genome_Sequencing_Consortium2002,
  title    = {Initial sequencing and comparative analysis of the
	      mouse genome},
  author   = {{Mouse Genome Sequencing Consortium} and Waterston, RH
	      and Lindblad-Toh, K and Birney, E and Rogers, J and
	      Abril, JF and Agarwal, P and Agarwala, R and Ainscough,
	      R and Alexandersson, M and An, P and Antonarakis, SE
	      and Attwood, J and Baertsch, R and Bailey, J and
	      Barlow, K and Beck, S and Berry, E and Birren, B and
	      Bloom, T and Bork, P and Botcherby, M and Bray, N and
	      Brent, MR and Brown, DG and Brown, SD and Bult, C and
	      Burton, J and Butler, J and Campbell, RD and Carninci,
	      P and Cawley, S and Chiaromonte, F and Chinwalla, AT
	      and Church, DM and Clamp, M and Clee, C and Collins, FS
	      and Cook, LL and Copley, RR and Coulson, A and
	      Couronne, O and Cuff, J and Curwen, V and Cutts, T and
	      Daly, M and David, R and Davies, J and Delehaunty, KD
	      and Deri, J and Dermitzakis, ET and Dewey, C and
	      Dickens, NJ and Diekhans, M and Dodge, S and Dubchak, I
	      and Dunn, DM and Eddy, SR and Elnitski, L and Emes, RD
	      and Eswara, P and Eyras, E and Felsenfeld, A and
	      Fewell, GA and Flicek, P and Foley, K and Frankel, WN
	      and Fulton, LA and Fulton, RS and Furey, TS and Gage, D
	      and Gibbs, RA and Glusman, G and Gnerre, S and Goldman,
	      N and Goodstadt, L and Grafham, D and Graves, TA and
	      Green, ED and Gregory, S and Guig\'{o}, R and Guyer, M
	      and Hardison, RC and Haussler, D and Hayashizaki, Y and
	      Hillier, LW and Hinrichs, A and Hlavina, W and Holzer,
	      T and Hsu, F and Hua, A and Hubbard, T and Hunt, A and
	      Jackson, I and Jaffe, DB and Johnson, LS and Jones, M
	      and Jones, TA and Joy, A and Kamal, M and Karlsson, EK
	      and Karolchik, D and Kasprzyk, A and Kawai, J and
	      Keibler, E and Kells, C and Kent, WJ and Kirby, A and
	      Kolbe, DL and Korf, I and Kucherlapati, RS and
	      Kulbokas, EJ and Kulp, D and Landers, T and Leger, JP
	      and Leonard, S and Letunic, I and Levine, R and Li, J
	      and Li, M and Lloyd, C and Lucas, S and Ma, B and
	      Maglott, DR and Mardis, ER and Matthews, L and Mauceli,
	      E and Mayer, JH and McCarthy, M and McCombie, WR and
	      McLaren, S and McLay, K and McPherson, JD and Meldrim,
	      J and Meredith, B and Mesirov, JP and Miller, W and
	      Miner, TL and Mongin, E and Montgomery, KT and Morgan,
	      M and Mott, R and Mullikin, JC and Muzny, DM and Nash,
	      WE and Nelson, JO and Nhan, MN and Nicol, R and Ning, Z
	      and Nusbaum, C and O'Connor, MJ and Okazaki, Y and
	      Oliver, K and Overton-Larty, E and Pachter, L and
	      Parra, G and Pepin, KH and Peterson, J and Pevzner, P
	      and Plumb, R and Pohl, CS and Poliakov, A and Ponce, TC
	      and Ponting, CP and Potter, S and Quail, M and Reymond,
	      A and Roe, BA and Roskin, KM and Rubin, EM and Rust, AG
	      and Santos, R and Sapojnikov, V and Schultz, B and
	      Schultz, J and Schwartz, MS and Schwartz, S and Scott,
	      C and Seaman, S and Searle, S and Sharpe, T and
	      Sheridan, A and Shownkeen, R and Sims, S and Singer, JB
	      and Slater, G and Smit, A and Smith, DR and Spencer, B
	      and Stabenau, A and Stange-Thomann, N and Sugnet, C and
	      Suyama, M and Tesler, G and Thompson, J and Torrents, D
	      and Trevaskis, E and Tromp, J and Ucla, C and
	      Ureta-Vidal, A and Vinson, JP and Von Niederhausern, AC
	      and Wade, CM and Wall, M and Weber, RJ and Weiss, RB
	      and Wendl, MC and West, AP and Wetterstrand, K and
	      Wheeler, R and Whelan, S and Wierzbowski, J and Willey,
	      D and Williams, S and Wilson, RK and Winter, E and
	      Worley, KC and Wyman, D and Yang, S and Yang, SP and
	      Zdobnov, EM and Zody, MC and Lander, ES},
  journal  = {Nature},
  volume   = {420},
  issue    = {6915},
  pages    = {520--62},
  year	   = {2002},
  month    = {Dec},
  guid	   = {18080C6CA72411E098005D4696BAB937},
  pmid	   = {12466850},
  doi	   = {10.1038/nature01262}
}

@ARTICLE{Gibbs2004,
  title    = {Genome sequence of the Brown Norway rat yields insights
	      into mammalian evolution},
  author   = {Gibbs, RA and Weinstock, GM and Metzker, ML and Muzny,
	      DM and Sodergren, EJ and Scherer, S and Scott, G and
	      Steffen, D and Worley, KC and Burch, PE and Okwuonu, G
	      and Hines, S and Lewis, L and DeRamo, C and Delgado, O
	      and Dugan-Rocha, S and Miner, G and Morgan, M and
	      Hawes, A and Gill, R and Celera, and Holt, RA and
	      Adams, MD and Amanatides, PG and Baden-Tillson, H and
	      Barnstead, M and Chin, S and Evans, CA and Ferriera, S
	      and Fosler, C and Glodek, A and Gu, Z and Jennings, D
	      and Kraft, CL and Nguyen, T and Pfannkoch, CM and
	      Sitter, C and Sutton, GG and Venter, JC and Woodage, T
	      and Smith, D and Lee, HM and Gustafson, E and Cahill, P
	      and Kana, A and Doucette-Stamm, L and Weinstock, K and
	      Fechtel, K and Weiss, RB and Dunn, DM and Green, ED and
	      Blakesley, RW and Bouffard, GG and De Jong, PJ and
	      Osoegawa, K and Zhu, B and Marra, M and Schein, J and
	      Bosdet, I and Fjell, C and Jones, S and Krzywinski, M
	      and Mathewson, C and Siddiqui, A and Wye, N and
	      McPherson, J and Zhao, S and Fraser, CM and Shetty, J
	      and Shatsman, S and Geer, K and Chen, Y and Abramzon, S
	      and Nierman, WC and Havlak, PH and Chen, R and Durbin,
	      KJ and Egan, A and Ren, Y and Song, XZ and Li, B and
	      Liu, Y and Qin, X and Cawley, S and Worley, KC and
	      Cooney, AJ and D'Souza, LM and Martin, K and Wu, JQ and
	      Gonzalez-Garay, ML and Jackson, AR and Kalafus, KJ and
	      McLeod, MP and Milosavljevic, A and Virk, D and Volkov,
	      A and Wheeler, DA and Zhang, Z and Bailey, JA and
	      Eichler, EE and Tuzun, E and Birney, E and Mongin, E
	      and Ureta-Vidal, A and Woodwark, C and Zdobnov, E and
	      Bork, P and Suyama, M and Torrents, D and
	      Alexandersson, M and Trask, BJ and Young, JM and Huang,
	      H and Wang, H and Xing, H and Daniels, S and Gietzen, D
	      and Schmidt, J and Stevens, K and Vitt, U and Wingrove,
	      J and Camara, F and Mar Alb\`{a}, M and Abril, JF and
	      Guigo, R and Smit, A and Dubchak, I and Rubin, EM and
	      Couronne, O and Poliakov, A and H\"{u}bner, N and
	      Ganten, D and Goesele, C and Hummel, O and Kreitler, T
	      and Lee, YA and Monti, J and Schulz, H and Zimdahl, H
	      and Himmelbauer, H and Lehrach, H and Jacob, HJ and
	      Bromberg, S and Gullings-Handley, J and Jensen-Seaman,
	      MI and Kwitek, AE and Lazar, J and Pasko, D and
	      Tonellato, PJ and Twigger, S and Ponting, CP and
	      Duarte, JM and Rice, S and Goodstadt, L and Beatson, SA
	      and Emes, RD and Winter, EE and Webber, C and Brandt, P
	      and Nyakatura, G and Adetobi, M and Chiaromonte, F and
	      Elnitski, L and Eswara, P and Hardison, RC and Hou, M
	      and Kolbe, D and Makova, K and Miller, W and
	      Nekrutenko, A and Riemer, C and Schwartz, S and Taylor,
	      J and Yang, S and Zhang, Y and Lindpaintner, K and
	      Andrews, TD and Caccamo, M and Clamp, M and Clarke, L
	      and Curwen, V and Durbin, R and Eyras, E and Searle, SM
	      and Cooper, GM and Batzoglou, S and Brudno, M and
	      Sidow, A and Stone, EA and Venter, JC and Payseur, BA
	      and Bourque, G and L\'{o}pez-Ot\'{i}n, C and Puente, XS
	      and Chakrabarti, K and Chatterji, S and Dewey, C and
	      Pachter, L and Bray, N and Yap, VB and Caspi, A and
	      Tesler, G and Pevzner, PA and Haussler, D and Roskin,
	      KM and Baertsch, R and Clawson, H and Furey, TS and
	      Hinrichs, AS and Karolchik, D and Kent, WJ and
	      Rosenbloom, KR and Trumbower, H and Weirauch, M and
	      Cooper, DN and Stenson, PD and Ma, B and Brent, M and
	      Arumugam, M and Shteynberg, D and Copley, RR and
	      Taylor, MS and Riethman, H and Mudunuri, U and
	      Peterson, J and Guyer, M and Felsenfeld, A and Old, S
	      and Mockrin, S and Collins, F and {Rat Genome
	      Sequencing Project Consortium}},
  journal  = {Nature},
  volume   = {428},
  issue    = {6982},
  pages    = {493--521},
  year	   = {2004},
  month    = {Apr},
  guid	   = {4AB41C3AA72611E09E525D4696BAB937},
  pmid	   = {15057822},
  doi	   = {10.1038/nature02426}
}

@ARTICLE{LindbladToh2005,
  title      = {Genome sequence, comparative analysis and haplotype
		structure of the domestic dog},
  author     = {Lindblad-Toh, Kerstin and Wade, Claire M and
		Mikkelsen, Tarjei S. and Karlsson, Elinor K. and
		Jaffe, David B. and Kamal, Michael and Clamp, Michele
		and Chang, Jean L. and Kulbokas, Edward J. and Zody,
		Michael C. and Mauceli, Evan and Xie, Xiaohui and
		Breen, Matthew and Wayne, Robert K. and Ostrander,
		Elaine A. and Ponting, Chris P. and Galibert, Francis
		and Smith, Douglas R. and deJong, Pieter J. and
		Kirkness, Ewen and Alvarez, Pablo and Biagi, Tara and
		Brockman, William and Butler, Jonathan and Chin,
		Chee-Wye and Cook, April and Cuff, James and Daly,
		Mark J. and DeCaprio, David and Gnerre, Sante and
		Grabherr, Manfred and Kellis, Manolis and Kleber,
		Michael and Bardeleben, Carolyne and Goodstadt, Leo
		and Heger, Andreas and Hitte, Christophe and Kim,
		Lisa and Koepfli, Klaus-Peter and Parker, Heidi G.
		and Pollinger, John P. and Searle, Stephen M. J. and
		Sutter, Nathan B. and Thomas, Rachael and Webber,
		Caleb and Baldwin, Jennifer and Abebe, Adal and
		Abouelleil, Amr and Aftuck, Lynne and Ait-zahra,
		Mostafa and Aldredge, Tyler and Allen, Nicole and An,
		Peter and Anderson, Scott and Antoine, Claudel and
		Arachchi, Harindra and Aslam, Ali and Ayotte, Laura
		and Bachantsang, Pasang and Barry, Andrew and Bayul,
		Tashi and Benamara, Mostafa and Berlin, Aaron and
		Bessette, Daniel and Blitshteyn, Berta and Bloom,
		Toby and Blye, Jason and Boguslavskiy, Leonid and
		Bonnet, Claude and Boukhgalter, Boris and Brown, Adam
		and Cahill, Patrick and Calixte, Nadia and Camarata,
		Jody and Cheshatsang, Yama and Chu, Jeffrey and
		Citroen, Mieke and Collymore, Alville and Cooke,
		Patrick and Dawoe, Tenzin and Daza, Riza and Decktor,
		Karin and DeGray, Stuart and Dhargay, Norbu and
		Dooley, Kimberly and Dooley, Kathleen and Dorje,
		Passang and Dorjee, Kunsang and Dorris, Lester and
		Duffey, Noah and Dupes, Alan and Egbiremolen,
		Osebhajajeme and Elong, Richard and Falk, Jill and
		Farina, Abderrahim and Faro, Susan and Ferguson,
		Diallo and Ferreira, Patricia and Fisher, Sheila and
		FitzGerald, Mike and Foley, Karen and Foley, Chelsea
		and Franke, Alicia and Friedrich, Dennis and Gage,
		Diane and Garber, Manuel and Gearin, Gary and
		Giannoukos, Georgia and Goode, Tina and Goyette,
		Audra and Graham, Joseph and Grandbois, Edward and
		Gyaltsen, Kunsang and Hafez, Nabil and Hagopian,
		Daniel and Hagos, Birhane and Hall, Jennifer and
		Healy, Claire and Hegarty, Ryan and Honan, Tracey and
		Horn, Andrea and Houde, Nathan and Hughes, Leanne and
		Hunnicutt, Leigh and Husby, M. and Jester, Benjamin
		and Jones, Charlien and Kamat, Asha and Kanga, Ben
		and Kells, Cristyn and Khazanovich, Dmitry and Kieu,
		Alix Chinh and Kisner, Peter and Kumar, Mayank and
		Lance, Krista and Landers, Thomas and Lara, Marcia
		and Lee, William and Leger, Jean-Pierre and Lennon,
		Niall and Leuper, Lisa and LeVine, Sarah and Liu,
		Jinlei and Liu, Xiaohong and Lokyitsang, Yeshi and
		Lokyitsang, Tashi and Lui, Annie and Macdonald, Jan
		and Major, John and Marabella, Richard and Maru,
		Kebede and Matthews, Charles and McDonough, Susan and
		Mehta, Teena and Meldrim, James and Melnikov,
		Alexandre and Meneus, Louis and Mihalev, Atanas and
		Mihova, Tanya and Miller, Karen and Mittelman, Rachel
		and Mlenga, Valentine and Mulrain, Leonidas and
		Munson, Glen and Navidi, Adam and Naylor, Jerome and
		Nguyen, Tuyen and Nguyen, Nga and Nguyen, Cindy and
		Nguyen, Thu and Nicol, Robert and Norbu, Nyima and
		Norbu, Choe and Novod, Nathaniel and Nyima, Tenchoe
		and Olandt, Peter and O'Neill, Barry and O'Neill,
		Keith and Osman, Sahal and Oyono, Lucien and Patti,
		Christopher and Perrin, Danielle and Phunkhang, Pema
		and Pierre, Fritz and Priest, Margaret and Rachupka,
		Anthony and Raghuraman, Sujaa and Rameau, Rayale and
		Ray, Verneda and Raymond, Christina and Rege, Filip
		and Rise, Cecil and Rogers, Julie and Rogov, Peter
		and Sahalie, Julie and Settipalli, Sampath and
		Sharpe, Theodore and Shea, Terrance and Sheehan,
		Mechele and Sherpa, Ngawang and Shi, Jianying and
		Shih, Diana and Sloan, Jessie and Smith, Cherylyn and
		Sparrow, Todd and Stalker, John and Stange-Thomann,
		Nicole and Stavropoulos, Sharon and Stone, Catherine
		and Stone, Sabrina and Sykes, Sean and Tchuinga,
		Pierre and Tenzing, Pema and Tesfaye, Senait and
		Thoulutsang, Dawa and Thoulutsang, Yama and Topham,
		Kerri and Topping, Ira and Tsamla, Tsamla and
		Vassiliev, Helen and Venkataraman, Vijay and Vo, Andy
		and Wangchuk, Tsering and Wangdi, Tsering and Weiand,
		Michael and Wilkinson, Jane and Wilson, Adam and
		Yadav, Shailendra and Yang, Shuli and Yang, Xiaoping
		and Young, Geneva and Yu, Qing and Zainoun, Joanne
		and Zembek, Lisa and Zimmer, Andrew and Lander, Eric
		S.},
  publisher  = {Nature Publishing Group},
  journal    = {Nature},
  volume     = {438},
  issue      = {7069},
  pages      = {803--819},
  year	     = {2005},
  month      = {12},
  guid	     = {8AB1609AA72611E08FBD5D4696BAB937},
  doi	     = {10.1038/nature04338}
}



